@online{suvres_psi,
abstract = {Fork of https://github.com/ArztSamuel/Applying_EANNs},
author = {{Bartosz BÅ‚yszcz}, {Aleksander Filek}},
booktitle = {Applying Evolutionary Artificial Neural Networks},
title = {Applying Evolutionary Artificial Neural Networks},
url = {https://github.com/Suvres/Applying_EANNs_PSI},
urldate = {2022-05-10}
}
@online{aeann_psi,
abstract = {A 2D Unity simulation in which cars learn to navigate themselves through different courses. The cars are steered by a feedforward Neural Network. The weights of the network are trained using a modified genetic algorithm. Short demo video of an early version: https://youtu.be/rEDzUT3ymw4},
author = {{ArztSamuel}},
booktitle = {Applying Evolutionary Artificial Neural Networks},
title = {Applying Evolutionary Artificial Neural Networks},
url = {https://github.com/ArztSamuel/Applying_EANNs},
urldate = {2022-05-10}
}
@online{pytorch,
abstract = {An open source machine learning framework that accelerates the path from research prototyping to production deployment.},
booktitle = {Pytorch},
title = {Pytorch},
url = {https://pytorch.org},
urldate = {2022-05-10}
}
@book{lnn,
author = {Szaleniec, Maciej and Tadeusiewicz, Ryszard},
year = {2015},
month = {01},
pages = {},
title = {LEKSYKON SIECI NEURONOWYCH [Lexicon on Neural Networks]},
isbn = {978-83-63270-10-0}
}

@book{ai,
author = {Anand Deshpande, Manish Kumar},
year = {2018},
month = {05},
pages = {},
title = {Artificial Intelligence for Big Data},
isbn = {9781788472173}
}